@article{duchi2011adaptive,
  title={Adaptive subgradient methods for online learning and stochastic optimization.},
  author={Duchi, John and Hazan, Elad and Singer, Yoram},
  journal={Journal of machine learning research},
  volume={12},
  number={7},
  year={2011}
}

@article{platt1998sequential,
  title={Sequential minimal optimization: A fast algorithm for training support vector machines},
  author={Platt, John},
  year={1998}
}

@article{keerthi2001improvements,
  title={Improvements to Platt's SMO algorithm for SVM classifier design},
  author={Keerthi, S. Sathiya and Shevade, Shirish Krishnaj and Bhattacharyya, Chiranjib and Murthy, Karuturi Radha Krishna},
  journal={Neural computation},
  volume={13},
  number={3},
  pages={637--649},
  year={2001},
  publisher={MIT Press}
}

@article{flake2002efficient,
  title={Efficient SVM regression training with SMO},
  author={Flake, Gary William and Lawrence, Steve},
  journal={Machine Learning},
  volume={46},
  number={1},
  pages={271--290},
  year={2002},
  publisher={Springer}
}

@article{shevade1999improvements,
  title={Improvements to SMO algorithm for SVM regression (Tech. Rep. No. CD-99-16)},
  author={Shevade, SK and Keerthi, SS and Bhattacharyya, C and Murthy, KRK},
  journal={Singapore: Control Division Department of Mechanical and Production Engineering},
  year={1999}
}

@article{hsu2002simple,
  title={A simple decomposition method for support vector machines},
  author={Hsu, Chih-Wei and Lin, Chih-Jen},
  journal={Machine Learning},
  volume={46},
  number={1},
  pages={291--314},
  year={2002},
  publisher={Springer}
}

@article{fletcher2009support,
  title={Support vector machines explained},
  author={Fletcher, Tristan},
  journal={Tutorial paper., Mar},
  pages={28},
  year={2009}
}
